@phdthesis{jewison,
    title    = {Guidance and control for multi-stage rendezvous and docking operations in the presence of uncertainty},
    school   = {Massachusetts Institute of Technology},
    author   = {Christopher Michael Jewison},
    year     = {2017}
}

@InProceedings{moon,
author = {G. H. Moon and B. Y. Lee and  M. J. Tahk and D. H. Shim},
title = {Optimal Rendezvous Guidance Using Linear Quadratic Control},
booktitle = { International Conference on Mechanical, Industrial, and Manufacturing Technologies},
pages = {997-1004},
year = {2016},
OPTmonth = {April},
publisher = {EDP Sciences}
}

@book{iss,
author = {William H. Gerstenmaier and Denis Lyskov and Thomas Reiter and Gilles Leclerc and Akinori Mori},
title = {International Docking System Standard (IDSS) Interface Definition Document (IDD), Rev. E},
publisher = {International Space Station Multilateral Coordination Board},
month = {October},
year = {2016}
}

@InProceedings{me,
author = {A. Dianetti and C. Gnam and J. Crassidis},
title = {Spacecraft Proximity Operations Using Ultra-Wideband Communication Devices},
pages = {-},
booktitle = {AIAA SciTech Forum},
month = {January},
year = {2021}
}

@book{vallado,
author = {Vallado, D.A. and McClain, W.D.},
title = {Fundamentals of Astrodynamics and Applications},
publisher = {McGraw-Hill},
edition = {2nd},
year = {2001},
}

@book{markley,
author = {F. L. Markley and J. L. Crassidis},
title = {Fundamentals of Spacecraft Attitude Dynamics and Control},
chapter = {6},
publisher = {Springer},
year = {2014}
}

@book{kirk,
author={Kirk, Donald E.},
title={Optimal Control Theory: An Introduction},
publisher={Prentice-Hall},
chapter={6},
year={1970}
}